% Isabelle

@Book{Nipkow:2002,
  author	= {Tobias Nipkow and Lawrence C. Paulson and Markus Wenzel},
  title		= {Isabelle/HOL --- A Proof Assistant for Higher-Order Logic},
  publisher	= {Springer},
  series	= {LNCS},
  volume	= 2283,
  year		= 2002}

% Main Sources

@inproceedings{Jones:1972,
author = {Jones, C B},
title = {Formal Development of Correct Algorithms: An Example Based on Earley's Recogniser},
year = {1972},
isbn = {9781450378918},
publisher = {Association for Computing Machinery},
address = {New York, NY, USA},
url = {https://doi.org/10.1145/800235.807083},
doi = {10.1145/800235.807083},
booktitle = {Proceedings of ACM Conference on Proving Assertions about Programs},
pages = {150–169},
numpages = {20},
location = {Las Cruces, New Mexico, USA}
}

@article{Earley:1970,
author = {Earley, Jay},
title = {An Efficient Context-Free Parsing Algorithm},
year = {1970},
issue_date = {Feb 1970},
publisher = {Association for Computing Machinery},
address = {New York, NY, USA},
volume = {13},
number = {2},
issn = {0001-0782},
url = {https://doi.org/10.1145/362007.362035},
doi = {10.1145/362007.362035},
journal = {Commun. ACM},
month = {feb},
pages = {94–102},
numpages = {9},
keywords = {computational complexity, parsing, syntax analysis, context-free grammar, compilers}
}

@article{Scott:2008,
title = {SPPF-Style Parsing From Earley Recognisers},
journal = {Electronic Notes in Theoretical Computer Science},
volume = {203},
number = {2},
pages = {53-67},
year = {2008},
note = {Proceedings of the Seventh Workshop on Language Descriptions, Tools, and Applications (LDTA 2007)},
issn = {1571-0661},
doi = {https://doi.org/10.1016/j.entcs.2008.03.044},
url = {https://www.sciencedirect.com/science/article/pii/S1571066108001497},
author = {Elizabeth Scott},
keywords = {Earley parsing, cubic generalised parsing, context free languages},
}

@article{Aycock:2002,
author = {Aycock, John and Horspool, R.},
year = {2002},
month = {06},
pages = {620-630},
title = {Practical Earley Parsing},
volume = {45},
journal = {Comput. J.},
doi = {10.1093/comjnl/45.6.620}
}

@book{Aho:1972,
author = {Aho, Alfred V. and Ullman, Jeffrey D.},
title = {The Theory of Parsing, Translation, and Compiling},
year = {1972},
isbn = {0139145567},
publisher = {Prentice-Hall, Inc.},
address = {USA},
}

@book{Appel:2003,
author = {Appel, Andrew W. and Palsberg, Jens},
title = {Modern Compiler Implementation in Java},
year = {2003},
isbn = {052182060X},
publisher = {Cambridge University Press},
address = {USA},
edition = {2nd},
}

@book{Fischer:2009,
author = {Fischer, Charles N. and Cytron, Ronald K. and LeBlanc, Richard J.},
title = {Crafting A Compiler},
year = {2009},
isbn = {0136067050},
publisher = {Addison-Wesley Publishing Company},
address = {USA},
edition = {1st},
}

@InProceedings{McLean:1996,
author="McLean, Philippe
and Horspool, R. Nigel",
editor="Gyim{\'o}thy, Tibor",
title="A faster Earley parser",
booktitle="Compiler Construction",
year="1996",
publisher="Springer Berlin Heidelberg",
address="Berlin, Heidelberg",
pages="281--293",
isbn="978-3-540-49939-8"
}

@article{Younger:1967,
title = {Recognition and parsing of context-free languages in time n3},
journal = {Information and Control},
volume = {10},
number = {2},
pages = {189-208},
year = {1967},
issn = {0019-9958},
doi = {https://doi.org/10.1016/S0019-9958(67)80007-X},
url = {https://www.sciencedirect.com/science/article/pii/S001999586780007X},
author = {Daniel H. Younger},
}

@book{Tomita:1985,
author = {Tomita, Masaru},
title = {Efficient Parsing for Natural Language: A Fast Algorithm for Practical Systems},
year = {1985},
isbn = {0898382025},
publisher = {Kluwer Academic Publishers},
address = {USA}
}

@book{Hopcroft:2006,
author = {Hopcroft, John E. and Motwani, Rajeev and Ullman, Jeffrey D.},
title = {Introduction to Automata Theory, Languages, and Computation (3rd Edition)},
year = {2006},
isbn = {0321455363},
publisher = {Addison-Wesley Longman Publishing Co., Inc.},
address = {USA}
}

@Inbook{Johnson:1991,
author="Johnson, Mark",
title="The Computational Complexity of GLR Parsing",
bookTitle="Generalized LR Parsing",
year="1991",
publisher="Springer US",
address="Boston, MA",
pages="35--42",
isbn="978-1-4615-4034-2",
doi="10.1007/978-1-4615-4034-2_3",
url="https://doi.org/10.1007/978-1-4615-4034-2_3"
}



% Related Work

@article{Tomita:1987,
author = {Tomita, Masaru},
title = {An Efficient Augmented-Context-Free Parsing Algorithm},
year = {1987},
issue_date = {January-June 1987},
publisher = {MIT Press},
address = {Cambridge, MA, USA},
volume = {13},
number = {1–2},
issn = {0891-2017},
journal = {Comput. Linguist.},
month = {jan},
pages = {31–46},
numpages = {16}
}

@inproceedings{Izmaylova:2016,
author = {Izmaylova, Anastasia and Afroozeh, Ali and Storm, Tijs van der},
title = {Practical, General Parser Combinators},
year = {2016},
isbn = {9781450340977},
publisher = {Association for Computing Machinery},
address = {New York, NY, USA},
url = {https://doi.org/10.1145/2847538.2847539},
doi = {10.1145/2847538.2847539},
pages = {1–12},
numpages = {12},
location = {St. Petersburg, FL, USA},
series = {PEPM '16}
}

@InProceedings{Lasser:2019,
  author =	{Sam Lasser and Chris Casinghino and Kathleen Fisher and Cody Roux},
  title =	{{A Verified LL(1) Parser Generator}},
  booktitle =	{10th International Conference on Interactive Theorem Proving (ITP 2019)},
  pages =	{24:1--24:18},
  series =	{Leibniz International Proceedings in Informatics (LIPIcs)},
  ISBN =	{978-3-95977-122-1},
  ISSN =	{1868-8969},
  year =	{2019},
  volume =	{141},
  editor =	{John Harrison and John O'Leary and Andrew Tolmach},
  publisher =	{Schloss Dagstuhl--Leibniz-Zentrum fuer Informatik},
  address =	{Dagstuhl, Germany},
  URL =		{http://drops.dagstuhl.de/opus/volltexte/2019/11079},
  URN =		{urn:nbn:de:0030-drops-110794},
  doi =		{10.4230/LIPIcs.ITP.2019.24},
  annote =	{Keywords: interactive theorem proving, top-down parsing}
}

@InProceedings{Barthwal:2009,
author="Barthwal, Aditi
and Norrish, Michael",
editor="Castagna, Giuseppe",
title="Verified, Executable Parsing",
booktitle="Programming Languages and Systems",
year="2009",
publisher="Springer Berlin Heidelberg",
address="Berlin, Heidelberg",
pages="160--174",
isbn="978-3-642-00590-9"
}

@article{Blaudeau:2020,
  author       = {Clement Blaudeau and
                  Natarajan Shankar},
  title        = {A Verified Packrat Parser Interpreter for Parsing Expression Grammars},
  journal      = {CoRR},
  volume       = {abs/2001.04457},
  year         = {2020},
  url          = {https://arxiv.org/abs/2001.04457},
  eprinttype    = {arXiv},
  eprint       = {2001.04457},
  timestamp    = {Fri, 17 Jan 2020 14:07:30 +0100},
  biburl       = {https://dblp.org/rec/journals/corr/abs-2001-04457.bib},
  bibsource    = {dblp computer science bibliography, https://dblp.org}
}

@InProceedings{Jourdan:2012,
author="Jourdan, Jacques-Henri
and Pottier, Fran{\c{c}}ois
and Leroy, Xavier",
editor="Seidl, Helmut",
title="Validating LR(1) Parsers",
booktitle="Programming Languages and Systems",
year="2012",
publisher="Springer Berlin Heidelberg",
address="Berlin, Heidelberg",
pages="397--416",
isbn="978-3-642-28869-2"
}

@inproceedings{Lasser:2021,
author = {Lasser, Sam and Casinghino, Chris and Fisher, Kathleen and Roux, Cody},
title = {CoStar: A Verified ALL(*) Parser},
year = {2021},
isbn = {9781450383912},
publisher = {Association for Computing Machinery},
address = {New York, NY, USA},
url = {https://doi.org/10.1145/3453483.3454053},
doi = {10.1145/3453483.3454053},
pages = {420–434},
numpages = {15},
keywords = {interactive theorem proving, parsing},
location = {Virtual, Canada},
series = {PLDI 2021}
}

@article{Koprowski:2011,
  author       = {Adam Koprowski and
                  Henri Binsztok},
  title        = {{TRX:} {A} Formally Verified Parser Interpreter},
  journal      = {Log. Methods Comput. Sci.},
  volume       = {7},
  number       = {2},
  year         = {2011},
  url          = {https://doi.org/10.2168/LMCS-7(2:18)2011},
  doi          = {10.2168/LMCS-7(2:18)2011},
  timestamp    = {Thu, 25 Jun 2020 21:29:06 +0200},
  biburl       = {https://dblp.org/rec/journals/corr/abs-1105-2576.bib},
  bibsource    = {dblp computer science bibliography, https://dblp.org}
}

@misc{Obua:2017,
      title={Local Lexing}, 
      author={Steven Obua and Phil Scott and Jacques Fleuriot},
      year={2017},
      eprint={1702.03277},
      archivePrefix={arXiv},
      primaryClass={cs.LO}
}

@article{LocalLexing-AFP,
  author  = {Steven Obua},
  title   = {Local Lexing},
  journal = {Archive of Formal Proofs},
  month   = {April},
  year    = {2017},
  note    = {\url{https://isa-afp.org/entries/LocalLexing.html},
            Formal proof development},
  ISSN    = {2150-914x},
}

% Future Work

@article{Adams:2017,
author = {Adams, Michael and Might, Matthew},
year = {2017},
month = {10},
pages = {1-25},
title = {Restricting grammars with tree automata},
volume = {1},
journal = {Proceedings of the ACM on Programming Languages},
doi = {10.1145/3133906}
}

@InProceedings{Afroozeh:2013,
author="Afroozeh, Ali
and van den Brand, Mark
and Johnstone, Adrian
and Scott, Elizabeth
and Vinju, Jurgen",
editor="Erwig, Martin
and Paige, Richard F.
and Van Wyk, Eric",
title="Safe Specification of Operator Precedence Rules",
booktitle="Software Language Engineering",
year="2013",
publisher="Springer International Publishing",
address="Cham",
pages="137--156",
isbn="978-3-319-02654-1"
}

@inproceedings{Aho:1973,
author = {Aho, A. V. and Johnson, S. C. and Ullman, J. D.},
title = {Deterministic Parsing of Ambiguous Grammars},
year = {1973},
isbn = {9781450373494},
publisher = {Association for Computing Machinery},
address = {New York, NY, USA},
url = {https://doi.org/10.1145/512927.512928},
doi = {10.1145/512927.512928},
pages = {1–21},
numpages = {21},
location = {Boston, Massachusetts},
series = {POPL '73}
}

﻿@Article{Thorup:1996,
author={Thorup, Mikkel},
title={Disambiguating grammars by exclusion of sub-parse trees},
journal={Acta Informatica},
year={1996},
month={Sep},
day={01},
volume={33},
number={6},
pages={511-522},
issn={1432-0525},
doi={10.1007/s002360050055},
url={https://doi.org/10.1007/s002360050055}
}

@article{Thorup:1994,
author = {Thorup, Mikkel},
title = {Controlled Grammatic Ambiguity},
year = {1994},
issue_date = {May 1994},
publisher = {Association for Computing Machinery},
address = {New York, NY, USA},
volume = {16},
number = {3},
issn = {0164-0925},
url = {https://doi.org/10.1145/177492.177759},
doi = {10.1145/177492.177759},
journal = {ACM Trans. Program. Lang. Syst.},
month = {may},
pages = {1024–1050},
numpages = {27},
keywords = {semantic unambiguity, grammatic ambiguity}
}

@article{Klint:1997,
author = {Klint, Paul and Visser, Eelco},
journal = {},
year = {1997},
month = {04},
pages = {},
title = {Using Filters for the Disambiguation of Context-free Grammars}
}

@InProceedings{Brabrand:2007,
author="Brabrand, Claus
and Giegerich, Robert
and M{\o}ller, Anders",
editor="Holub, Jan
and {\v{Z}}{\v{d}}{\'a}rek, Jan",
title="Analyzing Ambiguity of Context-Free Grammars",
booktitle="Implementation and Application of Automata",
year="2007",
publisher="Springer Berlin Heidelberg",
address="Berlin, Heidelberg",
pages="214--225",
isbn="978-3-540-76336-9"
}
